@article{palaniswamy2010automatic,
  title={Automatic identification of landmarks in digital images},
  author={Palaniswamy, Sasirekha and Thacker, Neil A and Klingenberg, Christian Peter},
  journal={IET Computer Vision},
  volume={4},
  number={4},
  pages={247--260},
  year={2010},
  publisher={IET}
}